3434 5392
577 692 1167 812 AlituumCluffiquesLutitu.¹
1221 731 1271 803 19

451 859 455 868 ‘
491 870 568 922 cum
586 842 873 939 ascriptionibus.
886 847 929 921 D.
937 845 1090 940 Philippi
1100 851 1272 926 Beroaldi:

492 974 523 1022 et
536 948 794 1032 commentariis,
821 973 906 1041 quae
920 951 956 1019 in
969 947 1043 1020 aliis
1055 948 1272 1043 impressioni·

491 1050 552 1124 bus
579 1075 650 1121 non
677 1071 794 1120 extant.
839 1048 1002 1144 Impreiia
1028 1056 1161 1123 Bonon.
1206 1058 1271 1128 lm·

489 1150 596 1247 pensis
643 1146 812 1224 Benediffl
857 1147 1005 1226 heiioris
1044 1150 1270 1234 bononiensis.

487 1256 875 1330 MCCCCLXXXXIIII.
894 1257 985 1323 XIII.
1019 1254 1121 1329 calcu
1153 1254 1270 1335 ostob.

489 1359 594 1452 Joine
609 1352 732 1427 bitivo.
745 1358 788 1425 II.
811 1355 896 1446 reip.
911 1352 1017 1428 buno.
1038 1353 1182 1430 habenas
1201 1357 1271 1431 foe·

488 1458 594 1529 liciter
610 1454 817 1530 moderante.

488 1573 592 1635 Siron
614 1573 740 1654 pouvoit
759 1569 788 1632 se
807 1569 862 1633 fior
874 1574 890 1633 i
903 1571 1011 1653 l'6loge
1026 1572 1063 1654 de
1076 1575 1271 1658 l’imprimeur

446 1658 532 1741 quise
545 1675 652 1719 trouve
667 1658 750 1739 uprIs
768 1661 796 1719 lu
807 1656 1002 1741 sunsei-iption
1011 1704 1019 1735 ,
1042 1680 1082 1722 on
1097 1661 1213 1725 devroit
1226 1685 1269 1726 re·
1398 1702 1403 1722 ,

446 1745 542 1827 gader
555 1766 588 1806 ce
602 1746 675 1807 livre
690 1765 804 1805 comme
817 1761 939 1826 exempt
950 1745 988 1808 de
1002 1762 1085 1811 toute
1092 1746 1172 1811 faute
1186 1748 1270 1811 d'im·

445 1831 578 1915 preffion,
599 1830 712 1913 d’upris
729 1853 760 1893 ee
774 1830 917 1912 distique:

489 1917 550 1980 Hoc
566 1916 694 1998 mendosa
709 1936 786 1977 tenet
799 1917 874 1998 quod
885 1916 985 1977 littera
998 1917 1074 1978 nulla
1086 1920 1225 1999 volumen,

464 1999 469 2013 '
531 1999 698 2086 imprefficm
711 2006 785 2064 mira
797 2006 951 2064 neuminus
967 2023 1031 2065 arte
1037 2004 1114 2086 ficit.
1129 2009 1182 2069 &u

446 2149 550 2177 -
574 2120 706 2203 virtu,
732 2136 763 2186 et
784 2114 842 2185 alii
861 2117 910 2187 rei
927 2112 1007 2187 rust.
1023 2113 1135 2212 script.
1160 2129 1192 2204 8.
1206 2123 1270 2192 Ve-

488 2223 552 2295 uet.
565 2215 684 2289 Aldus.
703 2212 810 2313 1514i
836 2243 868 2288 v.
885 2214 1015 2301 m.,d.s.
1030 2239 1052 2288 t.

445 2366 549 2396 ¹-
572 2342 698 2422 Varro,
712 2360 790 2406 cum
804 2334 943 2429 reliquis
957 2337 1008 2406 rei
1020 2334 1157 2409 rusticae
1172 2333 1270 2431 scrip·

457 2458 460 2462 '
487 2436 627 2513 toribus.
651 2449 684 2523 8.
699 2436 805 2529 Lugd.
827 2436 918 2529 apud
932 2438 1139 2534 Gryphium.
1160 2463 1270 2537 1549.
1341 2443 1344 2450 “

486 2545 521 2614 in
534 2539 686 2614 IILVol.
710 2564 742 2609 v.
755 2565 800 2609 m.
822 2538 853 2613 d.
869 2535 894 2610 s.
910 2562 953 2612 tr.
1121 2546 1124 2554 “

441 2688 547 2720 -—
571 2664 704 2745 Varro,
731 2679 764 2727 et
784 2657 840 2728 alii
856 2652 1034 2751 scriptores
1052 2659 1101 2728 rei
1118 2654 1267 2745 rusticae,

426 2791 428 2796 ’
487 2788 563 2835 eum
578 2782 649 2832 not.
664 2784 732 2830 var.
752 2781 784 2830 et
798 2757 950 2831 Gesneri.
968 2763 1013 2829 ll.
1026 2758 1106 2829 Vol.
1127 2780 1163 2853 4.
1178 2757 1269 2855 Lips.

490 2887 597 2961 1773.
627 2860 729 2933 chart.
744 2857 854 2953 script.
874 2886 906 2934 v.
920 2884 966 2931 m.
1005 2957 1008 2962 .

485 2984 526 3044 Le
544 2983 596 3042 Dr.
614 2977 767 3040 Hurwoud
792 2998 829 3038 eu
852 2978 969 3058 pariant
991 2975 1029 3039 de
1055 2992 1132 3039 cette
1153 2976 1270 3040 edition

437 3066 583 3133 estimable
599 3066 756 3147 s'cxprime
769 3061 855 3124 uinfi:
882 3063 951 3123 This
970 3066 994 3123 is
1014 3083 1031 3123 a
1051 3083 1120 3138 very
1140 3061 1269 3124 valuable

436 3155 553 3219 Edition
568 3151 660 3233 ofthe
673 3152 716 3212 rei
729 3148 849 3211 rusticae
864 3146 1030 3231 scriptores.
1067 3150 1125 3223 Teu
1136 3149 1193 3210 late
1203 3149 1271 3211 Ges·

435 3262 490 3303 mr
506 3260 564 3300 was
576 3258 628 3316 une
641 3237 681 3319 of
694 3235 821 3316 rhemos!
842 3235 957 3297 learned
975 3234 1034 3297 and
1043 3234 1187 3317 judiciam
1200 3234 1270 3296 Edi·

435 3348 508 3403 tors,
530 3324 668 3407 oswium
686 3322 828 3400 Germany
842 3342 894 3382 can
908 3319 990 3403 boast.

431 3473 549 3501 --
574 3440 707 3524 Varro,
741 3459 816 3506 cum
849 3433 987 3525 reliquis
1021 3430 1062 3504 de
1088 3457 1125 3502 re
1149 3428 1270 3520 rustica

485 3533 718 3632 scriptoribus.
750 3541 812 3611 IV.
838 3540 945 3607 Tum.
972 3535 1009 3605 in
1034 3537 1096 3605 III.
1117 3531 1198 3609 Vol.
1234 3544 1269 3622 8.

484 3639 672 3756 Mauheim.
692 3649 800 3731 1781.
824 3663 856 3713 v.
871 3661 918 3711 m.

934 3803 963 3871 Β
983 3821 1005 3869 2
